2335 2949
422 191 536 211 ,-—---
575 164 588 207 6
623 193 733 203 --m-

112 291 184 340 ,sonis
203 283 368 342 subuenisset,
384 285 406 344 3)
424 295 469 353 ιιιι
487 287 692 353 montraegregia
706 287 825 351 quidem,
844 286 1003 354 s'eit'singula
1020 299 1043 337 et

113 428 114 432 ,
179 429 232 437 ,,,-,,,
253 430 258 435 ,
317 416 762 436 ,,.....,.,-..,....-.--.-.-..--’---.
770 427 1002 439 *ρ’-..-ω
1016 430 1043 441 ..⁴

115 517 176 558 initio
187 516 317 557 'studiorum
333 511 426 555 meorum
441 510 466 551 ad
482 525 556 559 inanus
570 511 623 551 mibi
639 512 717 552 fuisse:
742 513 814 553 multis
830 514 886 567 enini
903 515 928 554 ab
944 519 1047 565 erroribus

114 601 148 627 nte
164 585 265 626 tutiorem
280 583 425 639 praestitisset,
441 589 462 618 et
477 594 524 619 cum
541 581 563 620 in
579 579 675 638 legendis
692 582 798 637 scripturis
814 583 889 633 sacris,
912 589 956 623 tuni
972 584 994 622 in
1010 577 1047 625 au-

115 654 199 695 diendis
214 649 390 727 praelectionibus
406 646 538 699 academicis,
554 664 616 706 quam
627 649 742 705 plurimum
754 647 808 690 mibi
815 660 849 690 att
842 650 925 691 tulisset
935 652 1046 692 commodi.
1068 668 1077 674 “

114 725 178 763 Tam
193 722 269 762 multas
291 719 346 759 enirn
368 732 473 774 easque
460 716 521 757 raldo
537 719 652 782 exquisitas
670 731 691 760 et
707 720 732 758 ad
748 735 810 781 νιιιιιι
825 720 998 781 accommodatas
1010 735 1047 776 per

115 804 188 832 omnes
198 787 324 864 disciplinas
340 785 404 839 habet
421 780 590 837 obseruationes,
604 796 641 826 aut
654 787 755 844 legesffv
752 779 855 842 t,qui
839 780 892 848 euin
900 789 1046 841 superauerit,

114 855 190 916 putem
206 871 249 896 esse
264 854 379 903 neutinetn.
410 855 492 904 Miror,
508 853 560 908 qnitl
577 855 615 913 sit,
637 854 704 910 quod
708 870 735 893 ιιι
730 866 776 895 stra
783 855 889 912 inprimis
905 865 986 913 aetate,
998 872 1048 912 ιιιιιι

116 927 166 969 libri
183 925 251 966 omnis
265 922 354 980 generis,
371 923 429 977 iique
445 937 491 979 non
506 918 551 962 raro
567 922 672 963 leuissimi
687 908 794 978 ponderis,
812 932 833 962 et
846 912 927 982 nullius
942 925 992 975 fcre-
1002 938 1048 979 pre-

116 995 250 1041 tristantur,
264 990 369 1047 legantur,
386 991 407 1029 in
424 989 558 1031 vernaculam
573 989 668 1048 lingnam
683 1002 797 1040 vertantur,
814 1001 834 1031 et
827 990 945 1043 tinaliarn
960 981 1064 1031 formans

115 1062 248 1119 redigimur,
265 1058 316 1098 huic
331 1045 385 1097 libio
402 1058 515 1097 admodum
531 1058 579 1098 vtili
594 1073 637 1098 non
655 1059 726 1098 eadem
743 1060 855 1114 contigerit
870 1060 912 1099 fort
905 1069 969 1107 tuna,
986 1074 1049 1112 quana

116 1141 198 1182 tamen
196 1129 256 1170 alius
267 1119 363 1164 eiusdem
379 1126 469 1164 airctoiis
486 1125 538 1175 liber
554 1125 579 1163 de
595 1125 711 1188 fornrandis
728 1124 894 1164 concionibus
882 1126 952 1174 sacris,
969 1140 1007 1165 seu
1023 1125 1049 1179 (le

101 1192 329 1251 interpretatione&
342 1193 362 1232 S
378 1192 488 1250 populari,
505 1201 535 1230 est
551 1203 655 1245 expertus
686 1193 781 1247 Magnae
796 1193 891 1245 profecto
908 1193 987 1248 gratiae
1003 1194 1048 1239 viro

119 1267 143 1306 in
157 1263 192 1302 his
207 1260 268 1300 rebus
288 1269 370 1298 versato
387 1268 456 1296 essent
470 1256 593 1306 habendae,
621 1259 657 1313 qui
670 1258 712 1298 boc
726 1260 748 1296 in
764 1273 785 1297 se
805 1260 918 1313 susciperet
934 1261 1050 1314 negotium,

119 1343 143 1374 vt
159 1331 215 1370 bunc
230 1327 319 1375 librum,
336 1341 378 1365 non
399 1323 496 1379 quidem,
513 1326 543 1363 vti
558 1325 644 1379 prodiit,
660 1325 695 1365 sed
710 1326 786 1373 aetati,
803 1325 843 1379 qun
859 1327 958 1369 viuinurs,
973 1337 994 1366 et
1006 1337 1050 1369 stu·

121 1400 214 1445 iliorum,
230 1408 283 1449 quae
300 1404 425 1442 tractamus,
442 1392 522 1432 rationi
536 1403 630 1447 aptatum
640 1393 704 1432 nobis
718 1393 820 1433 redderet.
927 1383 928 1386 Ἰ

165 1483 187 1530 5)
204 1476 254 1514 Huc
269 1475 337 1513 refero
353 1474 513 1513 llla'srunon
523 1488 547 1511 11
563 1471 654 1521 tibrum,
679 1472 705 1511 (le
720 1472 794 1511 studiis
810 1473 950 1523 rnonasticis5
967 1474 989 1512 in
1005 1473 1051 1513 lati·

120 1562 173 1589 num
184 1555 302 1585 sermonem
310 1539 451 1591 translatum,
462 1537 542 1579 Venet.
554 1540 669 1581 ctotoccv.
686 1551 705 1591 4.
722 1541 803 1588 (Traite
817 1540 852 1579 ‹les
864 1541 936 1580 e'tusles
952 1541 1051 1580 monasti·

122 1630 175 1671 quos
190 1626 228 1667 par
245 1610 315 1652 luen
333 1609 507 1656 Μιιιιιιοιι,
532 1617 564 1646 12.
593 1609 663 1660 1692.)
697 1607 742 1661 Qui
757 1607 842 1661 quidem
859 1608 912 1647 liber
927 1608 1052 1663 plerumque

124 1682 151 1723 acl
172 1678 241 1720 studia
264 1675 356 1732 regenda
378 1673 541 1713 commendatur.
573 1674 632 1728 Opus
649 1686 704 1721 certo
720 1686 751 1715 est
766 1674 835 1715 omnis
848 1676 930 1732 generis
945 1676 1052 1717 doctrinae

123 1747 256 1803 theologicae
272 1744 348 1800 opibus
362 1742 480 1798 repletum,
502 1751 577 1796 atque,
598 1742 673 1796 siquis
689 1744 712 1792 in
727 1745 800 1797 primis
820 1742 931 1782 elenchum
946 1744 1052 1798 potiorum

124 1812 272 1857 difficultatum
288 1813 311 1850 in
331 1810 390 1851 rebus
405 1809 531 1866 theologicis
552 1820 572 1849 et
588 1810 734 1851 ecciesiasticis
750 1811 903 1851 occurrentium
919 1811 978 1851 iuxta
994 1828 1052 1853 secu-

123 1886 192 1926 lorum
207 1882 282 1922 scriem
297 1878 333 1930 (acl
349 1879 497 1918 duodecimum
508 1881 584 1932 Vsque)
604 1888 624 1917 et
639 1877 789 1918 bibliothecam
806 1877 964 1919 ecclesiasticam
975 1880 1001 1919 acl
1013 1881 1053 1921 cal·

124 1950 252 2005 cem‘operis
269 1947 395 2002 inspexerit,
422 1944 487 1985 multa
503 1946 560 1985 lectu
580 1960 603 1985 ac
624 1957 699 1986 notatu
717 1946 779 2004 [ligna
800 1937 907 2002 reperiet.¹
941 1949 1054 1990 Caeterum

124 2020 200 2062 nostris
215 2012 334 2058 rationibus
351 2029 424 2070 parurn
441 2014 549 2054 conticuit.
580 2014 634 2054 Cum
652 2015 708 2055 enirn
723 2016 789 2069 prima
805 2015 870 2054 huius
886 2015 993 2071 libripens
1009 2032 1052 2058 non

125 2089 167 2131 nisi
182 2089 203 2127 in
220 2102 242 2126 ea
259 2094 356 2126 versetur
370 2083 506 2139 quaestione:
532 2096 559 2120 an
575 2082 683 2122 monachis
699 2082 815 2123 litterarum
825 2072 899 2122 ‘studia
916 2086 1053 2137 conueniant,

126 2168 146 2198 et
161 2155 221 2197 tertia
237 2154 262 2194 <le
279 2153 327 2194 fine,
344 2166 406 2207 quma
422 2152 443 2190 in
459 2150 535 2189 studiis
551 2148 590 2189 sibi
607 2150 699 2191 habeant
713 2151 851 2206 propositum,
865 2163 920 2209 agat,
936 2153 1005 2193 media
1017 2169 1054 2193 no-

126 2226 157 2265 bis
172 2222 311 2278 relinquitur,
328 2220 355 2259 in·
367 2233 408 2274 ιιιιιι
425 2217 450 2257 ile
468 2218 587 2271 Scripturas
604 2218 677 2258 Sacrae
693 2219 775 2267 studio,
792 2217 817 2258 de
833 2218 939 2277 theologia
953 2222 1053 2274 posinna,

128 2294 152 2334 dc
164 2293 254 2333 historia
271 2302 336 2335 sacra,
352 2297 373 2327 et
388 2285 474 2355 reliquis
490 2285 614 2325 eruditionis
629 2286 722 2340 partibus
738 2284 815 2336 multa,
840 2289 925 2338 fateor,
946 2303 989 2328 non
1011 2291 1056 2331 vul·

129 2364 168 2419 gari
188 2360 324 2419 disputantur
342 2351 435 2399 iaticum
457 2358 479 2392 'at
498 2368 547 2395 vero
564 2365 584 2394 et
599 2356 620 2393 iu
640 2353 700 2393 bac'
695 2368 740 2409 ipsa
761 2366 819 2410 parte
839 2367 972 2411 quantopere
984 2361 1054 2400 omnia

113 2431 211 2483 ¹sapiunt
231 2417 374 2465 monachum!
403 2431 455 2475 quot
475 2421 544 2462 verbis
566 2425 641 2463 iteruin
661 2423 779 2478 iterumque
800 2440 822 2465 se
840 2434 936 2473 excusat,
962 2427 1055 2479 quoties.

129 2510 210 2551 cunque
225 2495 295 2537 virum
314 2502 399 2531 nostrae
420 2489 547 2546 professioni
562 2491 667 2532 aildietum
686 2491 759 2532 laudat
777 2502 814 2531 aut
830 2491 975 2533 commendat!
1007 2495 1055 2551 Quo

128 2566 166 2614 fit,
193 2574 214 2604 vt
232 2554 310 2611 multe,
335 2574 401 2616 eaque
422 2560 506 2617 egregia
521 2554 642 2601 nostrorum
659 2574 734 2615 opera,
758 2573 785 2598 ne
804 2557 917 2606 verbula(
917 2561 996 2617 quidem
1018 2580 1055 2605 uo-

128 2642 207 2676 tGsstllr.
