2335 2949
171 315 281 349 amorem
306 296 415 346 veritatis
434 296 545 343 coelestis
567 294 711 354 incensum,
740 295 845 355 indies
869 298 947 362 magis
972 296 1098 351 thesauris

170 390 272 437 reclusis
288 388 419 447 nutrirem,
439 388 577 442 doctrinam
594 404 676 434 meatu
694 387 895 450 qualemcunque
907 389 1096 453 locupletarent,

169 482 394 544 locupietatamque
404 480 431 526 iu
444 496 502 526 usus
514 494 583 525 meos
597 490 775 525 converterem.
794 479 850 522 Hoc
862 489 944 525 autem
955 485 1094 547 negotium,

120 620 121 623 ,
169 573 279 637 ingenue
295 571 385 630 fateor,
404 571 451 619 etsi
464 570 531 617 bono
544 569 630 615 omine
642 584 656 613 a
668 584 708 614 me
721 569 866 630 susceptum
878 578 963 615 tamen
977 571 1005 617 ab
1017 575 1093 622 initio

116 651 117 654 Ἰ
169 656 319 712 sitrem'non
331 679 367 720 eo,
386 678 435 726 quo
447 675 609 723 sperauerant,
628 657 696 704 felici
706 657 826 720 processit
837 674 959 716 successu,
978 672 1002 708 et
1012 662 1094 712 infau-

170 756 231 801 duur
242 754 338 800 iuberer
351 768 470 800 renouare
483 745 609 807 dolorem,
627 748 649 795 si
660 747 723 795 varii
736 763 819 807 casus,
839 764 903 812 quos
917 749 945 795 in
958 749 997 797 his
1008 753 1094 802 studiis

172 845 312 892 domesticis
324 843 500 913 instituendis,
519 830 580 891 etre
591 827 646 903 ipsa
659 837 794 895 institutis,
814 856 871 886 sum
884 851 1014 903 expertus,
1033 845 1096 893 mihi

169 948 251 983 esseut
271 923 407 982 enarrandi.
443 937 517 994 Saepe
536 947 563 977 ac
579 931 624 976 diu
641 930 773 989 haesitem,
798 930 909 979 nuilturn
926 931 1053 991 dubitaui,
1073 946 1097 982 et

167 1027 232 1072 hanc
243 1038 285 1072 aut
296 1026 366 1071 illam
377 1023 477 1070 tandem
487 1023 555 1069 viam
564 1020 700 1085 ingressus,
715 1023 743 1068 in
755 1022 839 1068 orbem
854 1037 912 1068 sum
922 1022 1096 1083 circumactus,

169 1128 193 1163 et
204 1133 257 1162 non
269 1094 324 1162 raro
338 1096 433 1176 tempus
446 1124 470 1163 et
481 1114 564 1159 oleum
576 1111 680 1173 perdidi.
700 1116 739 1158 Ne
752 1129 811 1159 vero
826 1112 882 1175 quis
896 1115 945 1159 hoc
958 1130 987 1160 eo
996 1115 1097 1166 factum

168 1204 221 1253 esse
234 1217 336 1260 censeat,
355 1204 422 1264 quod
434 1219 446 1246 a
457 1201 655 1261 praeceptoribus
669 1203 739 1258 meis,
752 1214 805 1250 tam
815 1203 880 1248 bene
894 1204 924 1248 de
936 1221 976 1261 rue
989 1206 1095 1265 meritis,

169 1293 258 1341 autvia
271 1291 302 1337 ad
309 1290 437 1336 ueritatem
449 1289 524 1334 altius
531 1287 700 1351 indagandam
712 1288 776 1333 mihi
782 1305 884 1352 prorsus
893 1296 1095 1355 essetpraeclusa‚

168 1396 211 1431 aut
224 1383 310 1430 saitem
318 1381 351 1438 id,
364 1380 468 1444 quodad
479 1379 591 1425 animum
598 1370 757 1425 excitandum
770 1381 867 1438 valeret,
878 1385 1095 1446 praetermissum,

167 1476 245 1539 pietas
260 1475 307 1520 hoc
319 1473 422 1519 adiicere
434 1487 474 1517 me
485 1470 564 1518 iussit.
599 1469 732 1517 Interiecto
749 1470 851 1533 quidem
869 1476 979 1535 tempure
997 1476 1093 1540 aliquo,

168 1565 255 1623 fateor,
273 1562 500 1618 rmrltoiiberaiior,
519 1577 594 1623 quoru
605 1572 732 1619 tumeret,
750 1552 949 1629 ,etdoeendaeet
960 1550 1094 1629 discendae

168 1656 321 1719 Theolog'iae
343 1653 405 1698 ratio
429 1662 466 1698 est
486 1651 637 1698 introducta.
665 1647 761 1715 'Neque
785 1665 870 1701 tamen
894 1660 1092 1718 Euuusrtvs‚

170 1737 239 1810 quod
254 1745 320 1791 iuter
339 1759 425 1790 omues
444 1753 552 1799 constat,
570 1741 616 1788 etsi
635 1758 674 1799 ea,
694 1760 756 1806 quae
773 1744 861 1792 Virum
874 1746 935 1791 tanti
951 1745 1049 1809 ingenii
1069 1760 1094 1795 et

170 1837 298 1884 doctrinae
309 1832 423 1891 decebam
439 1832 584 1880 auctoritate
596 1832 686 1896 placita
704 1849 760 1890 sua,
780 1834 810 1879 de
823 1834 913 1896 quibus
924 1834 969 1881 sibi
985 1836 1094 1888 habebat

169 1922 320 1990 persuasum,
339 1916 479 1980 dictitabat,
498 1923 565 1971 viam
577 1925 608 1970 ad
618 1924 748 1972 veritatem
761 1924 835 1971 altius
847 1924 1008 1990 indagandam
1021 1945 1093 1991 prae-

169 2016 295 2074 cludebat,
320 2013 462 2061 sed'fontes
480 2015 579 2075 potius,
604 2016 727 2079 equibus
744 2015 858 2063 hauserat
869 2015 933 2079 ipse,
957 2019 1091 2080 aperiebat,

169 2124 274 2170 suaeque
292 2105 435 2167 disciplinae
452 2104 560 2150 alumnis
570 2106 605 2161 in
624 2106 668 2163 iis,
694 2123 756 2170 quae
777 2107 880 2171 legenda
900 2118 922 2152 et
939 2107 1093 2170 inquirenda

170 2209 263 2255 esseut,
282 2206 366 2242 auctor
386 2206 436 2241 erat
454 2205 478 2240 et
495 2207 588 2241 suasor.
625 2196 685 2258 Quis
706 2213 781 2259 porro
806 2201 925 2244 Mouviu
945 2197 1019 2255 inea
1037 2217 1094 2252 non

171 2291 306 2339 admiratus
318 2297 354 2333 est
365 2298 424 2343 arte‚=
434 2301 480 2349 qua
492 2281 604 2331 animum
617 2286 756 2333 iuuenilem
768 2287 906 2349 praeeundo
919 2288 948 2333 ad
959 2290 1094 2341 veritatem

170 2378 370 2444 inuestigandum
381 2393 434 2422 non
452 2377 533 2422 solum
545 2376 679 2433 excitabat,
699 2378 742 2423 sed
756 2379 831 2424 etiam
844 2377 973 2425 firmabat?
1007 2382 1095 2444 Quid?

170 2474 238 2537 quod
261 2483 285 2517 et
303 2476 452 2525 Cuvsrvs,
471 2466 517 2512 etsi
536 2465 594 2511 satis
618 2467 694 2515 multi
713 2467 784 2513 aliter
802 2468 832 2513 de
847 2469 896 2515 hoc
909 2470 967 2518 Viro
990 2468 1094 2522 summo

170 2564 291 2617 sentiant,
310 2562 337 2606 iu
349 2561 392 2620 iis,
411 2573 473 2623 quae
488 2556 642 2622 peculiariter
659 2557 689 2603 de
700 2557 835 2620 Theologia
853 2557 1010 2623 disputabat,
1030 2581 1096 2614 cam.

170 2669 230 2719 pum
241 2652 316 2715 louge
327 2652 555 2715 latequepatentem
567 2648 644 2714 digito
658 2647 729 2711 quasi
735 2648 897 2712 monstrabat,
910 2653 981 2703 cuius
993 2655 1094 2710 visendi

666 2742 687 2787 A
706 2755 720 2790 2
