2335 2949
500 770 501 773 η
558 738 686 791 §.l¹

178 803 229 887 ln
245 840 342 905 egregio
359 840 413 907 illo,¹¹
430 856 504 903 quem
521 838 596 886 nobis
614 828 769 888 Entstuvs
789 837 822 885 de'
835 837 934 897 tatione
949 850 1021 886 verae
1037 839 1117 887 Theo·

192 928 272 993 legiae
284 930 393 992 reliquit,
410 930 488 988 libro,
507 930 586 993 prima
597 928 649 975 fere
658 928 763 992 pagina,
782 928 840 975 satis
854 927 973 985 festinare
981 928 1078 975 dicitur
1088 929 1118 986 is,

192 1019 235 1081 qui
250 1035 373 1082 nusquam
391 1020 568 1067 aberratavia
605 1024 672 1082 Quo,
695 1019 757 1081 quitl
773 1019 857 1066 verius
875 1030 900 1065 et
919 1019 1018 1077 scitius,
1037 1033 1120 1082 neque

192 1108 243 1155 illis
264 1111 352 1168 modo,
376 1111 465 1173 quibus
484 1109 649 1168 scribebatur,
677 1109 845 1172 temporibus,
870 1095 1051 1166 sednos'trae,v
1071 1125 1121 1171 qua

190 1198 312 1256 Viuimus‚'
326 1218 425 1261 quoque
436 1201 510 1244 aetati
520 1199 602 1258 aptius
613 1198 663 1242 aiot
674 1199 762 1256 possit,
779 1199 846 1243 haud
860 1195 919 1243 scio.
954 1203 988 1245 Vt
1000 1179 1120 1265 enimait

190 1289 234 1341 ille
245 1287 479 1349 praestantissimus,
489 1286 524 1331 ita
532 1291 558 1330 et
562 1300 618 1349 nos,
628 1284 656 1329 in
665 1284 858 1346 tanta‘omnium
865 1283 916 1330 fere
923 1270 1121 1349 disciplinarum,

193 1389 217 1424 et
227 1378 380 1441 Theologiae
390 1376 417 1424 in
429 1376 516 1439 primis
528 1374 690 1421 fluctuatione
702 1374 820 1432 uiuimus,
833 1387 860 1421 vt
871 1391 930 1422 sane
942 1373 1120 1425 difficillimum

162 1459 166 1464 .
193 1468 236 1526 sit,
255 1486 268 1514 a
284 1480 348 1515 recta
364 1484 418 1514 non
434 1468 544 1514 aberrare
557 1466 610 1524 via,
628 1482 710 1528 neque
723 1466 813 1512 desunt
830 1468 953 1529 exempla,
972 1484 1048 1529 quae,
1068 1484 1120 1531 quo

193 1560 291 1605 animus
302 1559 435 1612 fluctuans,
453 1558 546 1620 diuque
558 1559 606 1603 huc
619 1568 647 1607 et,
653 1556 714 1606 illuc
727 1556 878 1615 distractus','
889 1558 992 1603 tandem
1000 1558 1119 1620 rapiatur,

193 1649 251 1695 satis
263 1659 391 1696 testentur.
413 1648 534 1694 Permulti
546 1648 620 1705 euim,
637 1648 680 1710 qui
692 1648 770 1705 omni,
782 1645 1121 1710 quafie1·ipotest„celeritate

194 1736 311 1786 festinate
323 1739 448 1795 videntur,
469 1750 518 1785 tam
530 1739 606 1803 longe
618 1755 631 1784 a
643 1737 693 1784 fm‘e
705 1738 753 1784 sibi
768 1738 897 1801 proposito
911 1739 1072 1797 deducuntur,
1091 1751 1121 1788 vt

96 1835 97 1838 ’
146 1859 148 1861 »
196 1829 268 1881 cleiis
280 1829 392 1892 profecto
405 1829 497 1887 valeat,
517 1829 585 1892 quot]
598 1833 688 1877 Seneca
706 1829 736 1883 tle
754 1823 912 1886 hominibus,
932 1829 973 1892 qui
989 1829 1067 1876 vitam
1085 1830 1122 1876 ita

194 1920 297 1965 breuem
303 1910 389 1966 multis
400 1936 429 1985 ac
441 1920 514 1966 variis
524 1919 761 1982 impertiuntrebus‚
774 1917 889 1966 affirmat:
900 1920 1013 1978 multum,
1026 1919 1120 1983 inquit,
1162 1968 1164 1970 ,

195 2010 325 2067 iactantur,
334 1992 379 2054 ¹secl
390 2016 443 2055 non
454 2011 564 2056 multum
571 2011 702 2074 ‚nauigant
722 2009 795 2072 Quotl
807 2008 907 2072 quidem
918 2026 969 2057 non
980 2009 1008 2054 in
1016 2010 1121 2057 alicuius

195 2111 238 2145 aut
248 2111 411 2156 contemtum,
430 2111 473 2164 aut
484 2099 663 2145 contumeliam
672 2100 768 2145 dictum
780 2116 832 2146 esse
843 2101 919 2157 volui,
938 2099 979 2145 sed
993 2116 1022 2155 eo
1036 2080 1122 2163 potius

196 2189 301 2236 consilio
315 2190 394 2253 attuli,
413 2199 441 2235 vt
449 2189 508 2235 inde
518 2188 707 2252 intelligeretur,
727 2190 788 2251 quid
799 2191 845 2242 hac
856 2189 976 2236 scribendi
989 2189 1122 2237 occasione

197 2280 266 2340 tiata,
290 2281 320 2327 ad
341 2280 497 2327 tractandum
519 2289 693 2342 argumentum
717 2278 792 2324 titulo
811 2280 892 2325 libelli
907 2280 1057 2337 indicatum,
1078 2297 1123 2337 me

196 2372 357 2435 potissimum
379 2370 513 2433 impulerit.
561 2372 624 2413 Cum
639 2368 716 2413 ‘enim
741 2379 792 2415 tam
817 2369 919 2427 multis,
938 2385 1010 2432 ‘tutae
1035 2371 1123 2419 aetatis

197 2461 278 2524 ipsius
295 2464 358 2509 ratio
375 2459 450 2520 affert,
470 2459 566 2508 errandi
589 2457 705 2521 periculis
723 2474 764 2504 me
789 2458 981 2521 circumseptum
1002 2459 1124 2521 viderem,

200 2567 282 2613 eaque·
294 2572 334 2601 me
351 2572 418 2612 non,
432 2547 495 2599 nisi
512 2561 575 2599 certa
593 2549 733 2596 studiorum
750 2547 846 2594 ratione
863 2548 988 2618 adhibita,
1011 2548 1126 2616 'effugere

202 2658 277 2707 posse
288 2642 455 2709 intelligerem
462 2664 469 2702 5
486 2644 547 2692 inde
559 2642 588 2690 ab
600 2658 628 2691 eo
640 2653 759 2705 tempore,
778 2656 827 2705 quo
838 2639 902 2688 mihi
913 2643 925 2688 'e
936 2642 1031 2691 scholis
1043 2644 1125 2692 acade-

715 2733 738 2780 Α
767 2732 770 2740 t
